noe@noe-laptop.25069:1484435234